<?xml version="1.0" encoding="UTF-8"?><collection xmlns="http://www.loc.gov/MARC21/slim"><record><leader>00547nam--2200181-i-4500</leader><controlfield tag="001">000019108</controlfield><controlfield tag="002">20161230</controlfield><controlfield tag="005">20170121210927</controlfield><controlfield tag="008">060222s1000------------r-----000-0-eng-d</controlfield><datafield ind1=" " ind2=" " tag="080"><subfield code="a">621.31</subfield></datafield><datafield ind1=" " ind2=" " tag="100"><subfield code="a">Drobota, Mihai</subfield></datafield><datafield ind1=" " ind2=" " tag="245"><subfield code="a">Statie de incercari a echipamentelor in executie exploziva</subfield></datafield><datafield ind1=" " ind2=" " tag="260"><subfield code="a">Bucuresti</subfield><subfield code="b">Cons.Nat. Al Ing. Si Tehn</subfield><subfield code="c">1969</subfield></datafield><datafield ind1=" " ind2=" " tag="300"><subfield code="a">10 Pag. + 3 Pag.Anexa</subfield></datafield><datafield ind1=" " ind2=" " tag="490"><subfield code="a">A Doua Conferinta A Electricienilor.I.Sectia Masini Electrice</subfield></datafield><datafield ind1=" " ind2=" " tag="700"><subfield code="a">Postelnicu, David</subfield></datafield><datafield ind1=" " ind2=" " tag="852"><subfield code="a">31594</subfield></datafield><datafield ind1=" " ind2=" " tag="CAT"><subfield code="a">SYS</subfield><subfield code="c">20170121</subfield><subfield code="h">210927</subfield></datafield></record></collection>